<?xml version="1.0" encoding="UTF-8"?>
<record xmlns="http://www.loc.gov/MARC21/slim" xmlns:xsi="http://www.w3.org/2001/XMLSchema-instance" xsi:schemaLocation="http://www.loc.gov/MARC21/slim http://www.loc.gov/standards/marcxml/schema/MARC21slim.xsd">
<leader>     cam a2200241 a 4500</leader>
<controlfield tag="001">002977813</controlfield>
<controlfield tag="003">NNU</controlfield>
<controlfield tag="005">20061010172134.0</controlfield>
<controlfield tag="008">890120s1900    ua            000 0 ara d</controlfield>
<datafield tag="035" ind1="9" ind2=" ">
<subfield code="a">NYUb10707571</subfield>
</datafield>
<datafield tag="035" ind1=" " ind2=" ">
<subfield code="a">(CStRLIN)NYUG89-B2021</subfield>
</datafield>
<datafield tag="040" ind1=" " ind2=" ">
<subfield code="a">NNU</subfield>
<subfield code="c">NNU</subfield>
</datafield>
<datafield tag="066" ind1=" " ind2=" ">
<subfield code="c">(3</subfield>
</datafield>
<datafield tag="090" ind1=" " ind2=" ">
<subfield code="a">PJ6101.Z33</subfield>
<subfield code="b">I22 1900x</subfield>
</datafield>
<datafield tag="100" ind1="1" ind2=" ">
<subfield code="a">Ibn Yaʻīsh, Yaʻīsh ibn ʻAlī,</subfield>
<subfield code="d">1158-1245</subfield>
<subfield code="6">880-01</subfield>
</datafield>
<datafield tag="245" ind1="1" ind2="0">
<subfield code="6">880-02</subfield>
<subfield code="a">Sharḥ al-mufaṣṣal /</subfield>
<subfield code="c">li-Muwaffiq al-Dīn Yaʻīsh Ibn ʻAlī ibn Yaʻīsh al-Naḥwī ; ʻuniyat bi-ṭabʻah wa-nashrah bi-amr al-mushaykhah Idārat al-Ṭibāʻah al-Munīrīyah ; ṣaḥḥaḥa wa-ʻallaqa ʻalayhi ḥawāshī nafīsah baʻd murājaʻatahu ʻalá uṣūl khaṭṭīyah bi-maʻrifat mushaykat al-Azhār al-Maʻmūr.</subfield>
</datafield>
<datafield tag="260" ind1=" " ind2=" ">
<subfield code="6">880-03</subfield>
<subfield code="a">Miṣr :</subfield>
<subfield code="b">Idārat al-Ṭibāʻah al-Munīrīyah,</subfield>
<subfield code="c">[1900?]</subfield>
</datafield>
<datafield tag="300" ind1=" " ind2=" ">
<subfield code="a">10 v. in 3 ;</subfield>
<subfield code="c">28 cm.</subfield>
</datafield>
<datafield tag="600" ind1="1" ind2="0">
<subfield code="a">Zamakhsharī, Maḥmūd ibn ʻUmar,</subfield>
<subfield code="d">1075-1144.</subfield>
<subfield code="t">Mufaṣṣal fī ʻilm al-ʻArabīyah.</subfield>
</datafield>
<datafield tag="650" ind1=" " ind2="0">
<subfield code="a">Arabic language</subfield>
<subfield code="x">Grammar</subfield>
<subfield code="v">Early works to 1800.</subfield>
</datafield>
<datafield tag="880" ind1="1" ind2=" ">
<subfield code="6">100-01/</subfield>
<subfield code="a">ابن يعيش، أبو البقاء يعيش بن علي.</subfield>
</datafield>
<datafield tag="880" ind1="1" ind2="0">
<subfield code="6">245-02/</subfield>
<subfield code="a">شرح المفصل /</subfield>
<subfield code="c">لموفق الدين يعيش ابن علي بن يعيش النحوي ؛ عنيت بطبعه ونشره بامر المشيخة إدارة الطباعة المنيرية ؛ صححه وعلق عليه حواشي نفيسة بعد مراجعته على اصول خطية بمعرفة مشيخة الازهر المعمور.</subfield>
</datafield>
<datafield tag="880" ind1=" " ind2=" ">
<subfield code="6">260-03/</subfield>
<subfield code="a">مصر :</subfield>
<subfield code="b">إدارة الطباعة المنيرية،</subfield>
<subfield code="c">[1900?]</subfield>
</datafield>
<datafield tag="OWN" ind1=" " ind2=" ">
<subfield code="a">GENERAL</subfield>
</datafield>
<datafield tag="998" ind1=" " ind2=" ">
<subfield code="a">20010730</subfield>
<subfield code="d">19890120</subfield>
<subfield code="d">20030917</subfield>
<subfield code="n">NNU</subfield>
<subfield code="s">1</subfield>
<subfield code="t">c</subfield>
<subfield code="z">p</subfield>
</datafield>
<datafield tag="AVA" ind1=" " ind2=" ">
<subfield code="a">NYU50</subfield>
<subfield code="b">BOBST</subfield>
<subfield code="c">Main Collection</subfield>
<subfield code="d">PJ6101.Z33 I22 1900x</subfield>
<subfield code="e">unavailable</subfield>
<subfield code="t">Unavailable</subfield>
<subfield code="f">3</subfield>
<subfield code="g">3</subfield>
<subfield code="h">Y</subfield>
<subfield code="i">0</subfield>
<subfield code="j">MAIN</subfield>
<subfield code="k">0</subfield>
</datafield>
</record>
